<record><leader>00000cas a22000007a 4500</leader><controlfield tag="001">38532191</controlfield><controlfield tag="008">980302d194u1957tnumr ne      0    0eng d</controlfield><datafield ind1=" " ind2=" " tag="010"><subfield code="a">sn 98069712 </subfield></datafield><datafield ind1=" " ind2=" " tag="040"><subfield code="a">TGN</subfield><subfield code="b">eng</subfield><subfield code="c">TGN</subfield><subfield code="d">OCLCQ</subfield><subfield code="d">OCLCF</subfield><subfield code="d">OCLCO</subfield></datafield><datafield ind1="1" ind2=" " tag="029"><subfield code="a">AU@</subfield><subfield code="b">000013798279</subfield></datafield><datafield ind1=" " ind2=" " tag="042"><subfield code="a">msc</subfield></datafield><datafield ind1=" " ind2=" " tag="043"><subfield code="a">n-us-tn</subfield></datafield><datafield ind1="0" ind2="4" tag="245"><subfield code="a">The Signal Mountain news.</subfield></datafield><datafield ind1=" " ind2=" " tag="260"><subfield code="a">Signal Mountain, Tenn. :</subfield><subfield code="b">Clyde Smith,</subfield><subfield code="c">-1957.</subfield></datafield><datafield ind1=" " ind2=" " tag="300"><subfield code="a">v.</subfield></datafield><datafield ind1=" " ind2=" " tag="310"><subfield code="a">Monthly</subfield></datafield><datafield ind1="0" ind2=" " tag="362"><subfield code="a">-v. 10, no. 3 (Jan. 2, 1957).</subfield></datafield><datafield ind1=" " ind2=" " tag="500"><subfield code="a">Editor: Clyde Smith, &lt;1954&gt;-1956; Mrs. Clyde w. Neeley, 1956-1957.</subfield></datafield><datafield ind1=" " ind2=" " tag="588"><subfield code="a">Description based on: Vol. 7, no. 7 (May. 7, 1954).</subfield></datafield><datafield ind1=" " ind2="0" tag="651"><subfield code="a">Signal Mountain (Tenn.)</subfield><subfield code="v">Newspapers.</subfield></datafield><datafield ind1=" " ind2="0" tag="651"><subfield code="a">Hamilton County (Tenn.)</subfield><subfield code="v">Newspapers.</subfield></datafield><datafield ind1=" " ind2="7" tag="655"><subfield code="a">Newspapers.</subfield><subfield code="2">fast</subfield><subfield code="0">(OCoLC)fst01423814</subfield></datafield><datafield ind1=" " ind2="7" tag="651"><subfield code="a">Tennessee</subfield><subfield code="z">Hamilton County.</subfield><subfield code="2">fast</subfield><subfield code="0">(OCoLC)fst01209591</subfield></datafield><datafield ind1=" " ind2="7" tag="651"><subfield code="a">Tennessee</subfield><subfield code="z">Signal Mountain.</subfield><subfield code="2">fast</subfield><subfield code="0">(OCoLC)fst01217270</subfield></datafield><datafield ind1=" " ind2=" " tag="752"><subfield code="a">United States</subfield><subfield code="b">Tennessee</subfield><subfield code="c">Hamilton</subfield><subfield code="d">Signal Mountain.</subfield></datafield><datafield ind1="0" ind2="0" tag="785"><subfield code="t">Signal Mountain news and the Red Bank White Oak news</subfield><subfield code="w">(DLC)sn 98069721</subfield></datafield></record>